@Misc{Chang2015,
  Title                    = {shiny: Web Application Framework for R. R package version 0.12.1},

  Author                   = {Chang, W. and Cheng, J. and Allaire, JJ. and Xie, Y. and McPherson, J. },
  Year                     = {2015},

  Type                     = {Computer Program},
  Url                      = {http://CRAN.R-project.org/package=shiny}
}


@Misc{RCoreTeam,
  Title                    = {R: A Language and Environment for Statistical Computing},
  Author                   = {{R Core Team}},
  Year                     = {2015},
  Type                     = {Journal Article},
  Url                      = {http://www.R-project.org}
}

@Misc{Pending,
  Title                    = {Pending citations},
  Author                   = {WhichAuthor},
  Year                     = {2015},
  Type                     = {Journal Article},
  Url                      = {http://sample.org}
}

@Misc{Sierra,
  Title                    = {Total carbon accumulation in a tropical forestlandscape},
  Author                   = {Sierra et al.},
  Year                     = {2012,7:12},
  Type                     = {Carbon Balance and Management},
  Url                      = {http://www.cbmjournal.com/content/7/1/12}
}

